<record><leader>00000cas a22000007a 4500</leader><controlfield tag="001">19882547</controlfield><controlfield tag="008">890616d18841942mouwr ne      0    0eng d</controlfield><datafield ind1=" " ind2=" " tag="010"><subfield code="a">sn 89066627 </subfield></datafield><datafield ind1=" " ind2=" " tag="040"><subfield code="a">MQN</subfield><subfield code="b">eng</subfield><subfield code="c">MQN</subfield><subfield code="d">OCLCQ</subfield></datafield><datafield ind1=" " ind2=" " tag="042"><subfield code="a">msc</subfield></datafield><datafield ind1="0" ind2=" " tag="130"><subfield code="a">Jasper County democrat (Carthage, Mo.)</subfield></datafield><datafield ind1="1" ind2="0" tag="245"><subfield code="a">Jasper County democrat.</subfield></datafield><datafield ind1=" " ind2=" " tag="260"><subfield code="a">Carthage, Mo. :</subfield><subfield code="b">Thos. D. Bogie &amp; Co.</subfield></datafield><datafield ind1=" " ind2=" " tag="300"><subfield code="a">v.</subfield></datafield><datafield ind1=" " ind2=" " tag="310"><subfield code="a">Weekly</subfield></datafield><datafield ind1="0" ind2=" " tag="362"><subfield code="a">Vol. 1, no. 1 (Aug. 30, 1884)-</subfield></datafield><datafield ind1="1" ind2=" " tag="362"><subfield code="a">Ceased in 1942?</subfield></datafield><datafield ind1=" " ind2=" " tag="580"><subfield code="a">Daily eds.: Morning democrat (Carthage, Mo.), &lt;1887-&gt;; Carthage democrat, &lt;-1942&gt;.</subfield></datafield><datafield ind1=" " ind2=" " tag="752"><subfield code="a">United States</subfield><subfield code="b">Missouri</subfield><subfield code="c">Jasper</subfield><subfield code="d">Carthage.</subfield></datafield><datafield ind1="1" ind2=" " tag="775"><subfield code="t">Morning democrat (Carthage, Mo.)</subfield><subfield code="w">(DLC)sn 89066630</subfield></datafield><datafield ind1="1" ind2=" " tag="775"><subfield code="t">Carthage democrat</subfield><subfield code="w">(DLC)sn 86063295</subfield></datafield></record>